@manual{jdrp-starwars,
      title = "Star Wars Redemption",
      author = "Marthym",
      url = "https://github.com/Marthym/jdrp-sw-redemption",
      year = "2017",
      version = "1.1.1"
}

@online{website:starwars-holonet,
      title = "Starwars Holonet",
      year = "2016",
      url = "http://www.starwars-holonet.com"
}

@online{sirinkman-deviantart,
      author = "Sirinkman",
      title = "Wizards Academy - Fezmetâ€™s Castle",
      month = "10",
      year = "2015",
      url = "http://sirinkman.deviantart.com/art/Wizards-Academy-Fezmet-s-Castle-565776560" 
}

@online{avaruus-apina-deviantart,
      author = "avaruus-apina",
      title = "Droideka",
      month = "03",
      year = "2009",
      url = "http://avaruus-apina.deviantart.com/art/Droideka-117469450" 
}

@online{blazbaros-deviantart,
      author = "Blazbaros",
      title = "Upgraded B1 Battle Droid",
      month = "03",
      year = "2017",
      url = "http://blazbaros.deviantart.com/art/Upgraded-B1-Battle-Droid-666575679" 
}

@online{thebalzan-deviantart,
      author = "TheBalzan",
      title = "Uhumele024",
      month = "12",
      year = "2015",
      url = "http://thebalzan.deviantart.com/art/Uhumele024-580743533" 
}